@MISC {xslt,
	author = {{XSL}},
	title =        {The Extensible Stylesheet Language Family (XSL)},
	year =         {2005},
	institution =  {W3C - World Wide Web Consortium},
	url =         {http://www.w3.org/Style/XSL/},
	year =      {2005},
	lastaccess = {19/10/2005},
}

@MISC {herrington,
	author = {{Jack Herrington}},
	title =        {Extensible Code Generation with Java, Part 2},
	year =         {2005},
	institution =  {{Java.net, The source for Java technology collaboration}},
	url =         {http://today.java.net/pub/a/today/2004/05/31/generation-pt2.html},
	year =      {2005},
	lastaccess = {19/10/2005},
}

@MISC {ant,
	author =      "James Duncan Davidson and Bruce Atherton and Stephane Bailliez and Matt Benson",
	title =       "{The Apache Ant Project. Available at: http://ant.apache.org}",
	url =         "http://ant.apache.org/contributors.html",
	lastaccess =  "26/09/2005",
	year =        "2005",
}

@BOOK{czarnecki,
	author =       {K. Czarnecki and U. W. Eisenercker},
	title =        {Generative Programming},
	year =         {2002},
	publisher =    {Addison-Wesley},
}
